<record><leader>00000cas a22000007a 4500</leader><controlfield tag="001">25924373</controlfield><controlfield tag="008">920602d19061914moucr ne      0    0eng d</controlfield><datafield ind1=" " ind2=" " tag="010"><subfield code="a">sn 92058869 </subfield></datafield><datafield ind1=" " ind2=" " tag="040"><subfield code="a">MQN</subfield><subfield code="b">eng</subfield><subfield code="c">MQN</subfield><subfield code="d">OCLCQ</subfield></datafield><datafield ind1=" " ind2=" " tag="042"><subfield code="a">msc</subfield></datafield><datafield ind1="0" ind2=" " tag="130"><subfield code="a">Houstonian (Houstonia, Mo.)</subfield></datafield><datafield ind1="1" ind2="4" tag="245"><subfield code="a">The Houstonian.</subfield></datafield><datafield ind1=" " ind2=" " tag="260"><subfield code="a">Houstonia, Mo. :</subfield><subfield code="b">G.R. Morris,</subfield><subfield code="c">1906-1914.</subfield></datafield><datafield ind1=" " ind2=" " tag="300"><subfield code="a">v.</subfield></datafield><datafield ind1=" " ind2=" " tag="310"><subfield code="a">Semiweekly,</subfield><subfield code="b">July 11, 1906-Feb. 17, 1914</subfield></datafield><datafield ind1=" " ind2=" " tag="321"><subfield code="a">Weekly,</subfield><subfield code="b">Mar. 15-July 5, 1906</subfield></datafield><datafield ind1="0" ind2=" " tag="362"><subfield code="a">Vol. 1, no. 1 (Mar. 15, 1906)-v. 8, no. 94 (Feb. 17, 1914).</subfield></datafield><datafield ind1=" " ind2=" " tag="752"><subfield code="a">United States</subfield><subfield code="b">Missouri</subfield><subfield code="c">Pettis</subfield><subfield code="d">Houstonia.</subfield></datafield><datafield ind1="0" ind2="4" tag="785"><subfield code="t">Spectator (Houston, Mo.)</subfield></datafield></record>